@book{mittelbach2023latex,
  title = {The {{LaTeX}} Companion},
  author = {Mittelbach, F. and Fischer, U.},
  date = {2023},
  series = {Addison-{{Wesley}} Series on Tools and Techniques for Computer Typesetting},
  edition = {3rd},
  publisher = {{Addison Wesley Professional}},
  isbn = {978-0-201-36300-5},
  issue = {pt. 2}
}

@software{MacFarlane_Pandoc,
author = {MacFarlane, John and Krewinkel, Albert and Rosenthal, Jesse},
title = {{Pandoc}},
url = {https://github.com/jgm/pandoc}
}

@software{Allaire_Quarto_2022,
author = {Allaire, J.J. and Teague, Charles and Scheidegger, Carlos and Xie, Yihui and Dervieux, Christophe},
doi = {10.5281/zenodo.5960048},
month = jan,
title = {{Quarto}},
url = {https://github.com/quarto-dev/quarto-cli},
version = {1.2},
year = {2022}
}

@article{sira-ramirez1992sliding,
  title = {On the Sliding Mode Control of Nonlinear Systems},
  author = {Sira-Ram√≠rez, Hebertt},
  date = {1992-10-01},
  journaltitle = {Systems \& Control Letters},
  shortjournal = {Systems \& Control Letters},
  volume = {19},
  number = {4},
  pages = {303--312},
  issn = {0167-6911},
  doi = {10.1016/0167-6911(92)90069-5},
}
